@article{张旭红2015linux,
  title={Linux 操作系统下安全问题的分析},
  author={张旭红},
  journal={电子技术与软件工程},
  number={19},
  pages={222--222},
  year={2015}
}